@online{freq,
    title = "Vibrating String",
    note = "\url{http://hyperphysics.phy-astr.gsu.edu/hbase/Waves/string.html}",
    addendum = "(accessed: 03.06.2020)"
}
@online{freqTable,
    title = "Piano Frequency Table",
    note = "\url{http://www.sengpielaudio.com/calculator-notenames.htm}",
    addendum = "(accessed: 03.06.2020)"
}