@misc{revtex, 
	note = "REV\TeX\ Home Page, {American Physical Society}, \url{https://journals.aps.org/revtex/}, Feb 3, 2017"
	}

@article{witten98,
      author         = "Witten, Edward",
      title          = "{Anti-de Sitter space and holography}",
      journal        = "Adv. Theor. Math. Phys.",
      volume         = "2",
      year           = "1998",
      pages          = "253-291",
      eprint         = "hep-th/9802150",
      archivePrefix  = "arXiv",
      primaryClass   = "hep-th",
}

@article{mald97,
      author         = "Maldacena, Juan Martin",
      title          = "{The Large N limit of superconformal field theories and
                        supergravity}",
      journal        = "Int. J. Theor. Phys.",
      volume         = "38",
      year           = "1999",
      pages          = "1113-1133",
      doi            = "10.1023/A:1026654312961",
      note           = "[Adv. Theor. Math. Phys.2,231(1998)]",
      eprint         = "hep-th/9711200",
      archivePrefix  = "arXiv",
      primaryClass   = "hep-th",
      reportNumber   = "HUTP-97-A097, HUTP-98-A097",
}

@article{happy,
      author         = "Pastawski, Fernando and Yoshida, Beni and Harlow, Daniel
                        and Preskill, John",
      title          = "{Holographic quantum error-correcting codes: Toy models
                        for the bulk/boundary correspondence}",
      journal        = "JHEP",
      volume         = "06",
      year           = "2015",
      pages          = "149",
      doi            = "10.1007/JHEP06(2015)149",
      eprint         = "1503.06237",
      archivePrefix  = "arXiv",
      primaryClass   = "hep-th",
      SLACcitation   = "%%CITATION = ARXIV:1503.06237;%%"
}

@article{mera2,
      author         = "Vidal, G.",
      title          = "{Class of Quantum Many-Body States That Can Be
                        Efficiently Simulated}",
      journal        = "Phys. Rev. Lett.",
      volume         = "101",
      year           = "2008",
      pages          = "110501",
      doi            = "10.1103/PhysRevLett.101.110501",
      SLACcitation   = "%%CITATION = PRLTA,101,110501;%%"
}

@article{rt1,
        author         = "Ryu, Shinsei and Takayanagi, Tadashi",
      title          = "{Holographic derivation of entanglement entropy from
                        AdS/CFT}",
      journal        = "Phys. Rev. Lett.",
      volume         = "96",
      year           = "2006",
      pages          = "181602",
      doi            = "10.1103/PhysRevLett.96.181602",
      eprint         = "hep-th/0603001",
      archivePrefix  = "arXiv",
      primaryClass   = "hep-th",
      reportNumber   = "NSF-KITP-06-11",
      SLACcitation   = "%%CITATION = HEP-TH/0603001;%%"
}

@article{edgecode,
      author         = "Donnelly, William and Michel, Ben and Marolf, Donald and
                        Wien, Jason",
      title          = "{Living on the Edge: A Toy Model for Holographic
                        Reconstruction of Algebras with Centers}",
      year           = "2016",
      eprint         = "1611.05841",
      archivePrefix  = "arXiv",
      primaryClass   = "hep-th",
      SLACcitation   = "%%CITATION = ARXIV:1611.05841;%%"
}
